

@inproceedings{shirokikh2020first,
  title={First U-Net layers contain more domain specific information than the last ones},
  author={Shirokikh, Boris and Zakazov, Ivan and Chernyavskiy, Alexey and Fedulova, Irina and Belyaev, Mikhail},
  booktitle={Domain Adaptation and Representation Transfer, and Distributed and Collaborative Learning: Second MICCAI Workshop, DART 2020, and First MICCAI Workshop, DCL 2020, Held in Conjunction with MICCAI 2020, Lima, Peru, October 4--8, 2020, Proceedings 2},
  pages={117--126},
  year={2020},
  organization={Springer}
}


@inproceedings{zakazov2021anatomy,
  title={Anatomy of domain shift impact on U-Net layers in MRI segmentation},
  author={Zakazov, Ivan and Shirokikh, Boris and Chernyavskiy, Alexey and Belyaev, Mikhail},
  booktitle={Medical Image Computing and Computer Assisted Intervention--MICCAI 2021: 24th International Conference, Strasbourg, France, September 27--October 1, 2021, Proceedings, Part III 24},
  pages={211--220},
  year={2021},
  organization={Springer}
}


@article{goncharov2021ct,
  title={CT-Based COVID-19 triage: Deep multitask learning improves joint identification and severity quantification},
  author={Goncharov, Mikhail and Pisov, Maxim and Shevtsov, Alexey and Shirokikh, Boris and Kurmukov, Anvar and Blokhin, Ivan and Chernina, Valeria and Solovev, Alexander and Gombolevskiy, Victor and Morozov, Sergey and others},
  journal={Medical image analysis},
  volume={71},
  pages={102054},
  year={2021},
  publisher={Elsevier}
}


@inproceedings{saparov2021zero,
  title={Zero-shot domain adaptation in ct segmentation by filtered back projection augmentation},
  author={Saparov, Talgat and Kurmukov, Anvar and Shirokikh, Boris and Belyaev, Mikhail},
  booktitle={Deep Generative Models, and Data Augmentation, Labelling, and Imperfections: First Workshop, DGM4MICCAI 2021, and First Workshop, DALI 2021, Held in Conjunction with MICCAI 2021, Strasbourg, France, October 1, 2021, Proceedings 1},
  pages={243--250},
  year={2021},
  organization={Springer}
}


@article{shirokikh2022systematic,
  title={Systematic clinical evaluation of a deep learning method for medical image segmentation: radiosurgery application},
  author={Shirokikh, Boris and Dalechina, Alexandra and Shevtsov, Alexey and Krivov, Egor and Kostjuchenko, Valery and Durgaryan, Amayak and Galkin, Mikhail and Golanov, Andrey and Belyaev, Mikhail},
  journal={IEEE Journal of Biomedical and Health Informatics},
  volume={26},
  number={7},
  pages={3037--3046},
  year={2022},
  publisher={IEEE}
}


@article{shimovolos2022adaptation,
  title={Adaptation to CT Reconstruction Kernels by Enforcing Cross-Domain Feature Maps Consistency},
  author={Shimovolos, Stanislav and Shushko, Andrey and Belyaev, Mikhail and Shirokikh, Boris},
  journal={Journal of Imaging},
  volume={8},
  number={9},
  pages={234},
  year={2022},
  publisher={MDPI}
}


@dataset{Zolotova2023Burdenko,
  title={Burdenko's Glioblastoma Progression Dataset},
  author={Zolotova, Svetlana and Golanov, Andrey and Pronin, Igor and Dalechina, Alexandra and Nikolaeva, Anna and Belyashova, Alexandra and Usachev, Dmitriy and Kondrateva, Ekaterina and Druzhinina, Polina and Shirokikh, Boris and Saparov, Talgat and Belyaev, Mikhail and Kurmukov, Anvar},
  publisher={The Cancer Imaging Archive},
  year={2023},
  version={1},
  doi={10.7937/E1QP-D183},
  url={https://doi.org/10.7937/E1QP-D183}
}


@article{dorent2023crossmoda,
  title={CrossMoDA 2021 challenge: Benchmark of cross-modality domain adaptation techniques for vestibular schwannoma and cochlea segmentation},
  author={Dorent, Reuben and Kujawa, Aaron and Ivory, Marina and Bakas, Spyridon and Rieke, Nicola and Joutard, Samuel and Glocker, Ben and Cardoso, Jorge and Modat, Marc and Batmanghelich, Kayhan and others},
  journal={Medical Image Analysis},
  volume={83},
  pages={102628},
  year={2023},
  publisher={Elsevier}
}


@article{vasiliuk2023limitations,
  title={Limitations of out-of-distribution detection in 3d medical image segmentation},
  author={Vasiliuk, Anton and Frolova, Daria and Belyaev, Mikhail and Shirokikh, Boris},
  journal={Journal of Imaging},
  volume={9},
  number={9},
  pages={191},
  year={2023},
  publisher={MDPI}
}


@online{shirokikh2025m3da,
  title={M3DA: Benchmark for Unsupervised Domain Adaptation in 3D Medical Image Segmentation},
  author={Shirokikh, Boris and Kurmukov, Anvar and Donskova, Mariia and Samokhin, Valentin and Belyaev, Mikhail and Oseledets, Ivan},
  year={2025},
  url={https://arxiv.org/abs/2502.17029},
  urldate={2025-09-21}
}
