

% %%%%%%%%%%%%%%%% (-1) PERSONAL 


@inproceedings{shirokikh2020first,
  title={First U-Net layers contain more domain specific information than the last ones},
  author={Shirokikh, Boris and Zakazov, Ivan and Chernyavskiy, Alexey and Fedulova, Irina and Belyaev, Mikhail},
  booktitle={Domain Adaptation and Representation Transfer, and Distributed and Collaborative Learning: Second MICCAI Workshop, DART 2020, and First MICCAI Workshop, DCL 2020, Held in Conjunction with MICCAI 2020, Lima, Peru, October 4--8, 2020, Proceedings 2},
  pages={117--126},
  year={2020},
  organization={Springer}
}


@inproceedings{zakazov2021anatomy,
  title={Anatomy of domain shift impact on U-Net layers in MRI segmentation},
  author={Zakazov, Ivan and Shirokikh, Boris and Chernyavskiy, Alexey and Belyaev, Mikhail},
  booktitle={Medical Image Computing and Computer Assisted Intervention--MICCAI 2021: 24th International Conference, Strasbourg, France, September 27--October 1, 2021, Proceedings, Part III 24},
  pages={211--220},
  year={2021},
  organization={Springer}
}


@article{goncharov2021ct,
  title={CT-Based COVID-19 triage: Deep multitask learning improves joint identification and severity quantification},
  author={Goncharov, Mikhail and Pisov, Maxim and Shevtsov, Alexey and Shirokikh, Boris and Kurmukov, Anvar and Blokhin, Ivan and Chernina, Valeria and Solovev, Alexander and Gombolevskiy, Victor and Morozov, Sergey and others},
  journal={Medical image analysis},
  volume={71},
  pages={102054},
  year={2021},
  publisher={Elsevier}
}


@inproceedings{saparov2021zero,
  title={Zero-shot domain adaptation in ct segmentation by filtered back projection augmentation},
  author={Saparov, Talgat and Kurmukov, Anvar and Shirokikh, Boris and Belyaev, Mikhail},
  booktitle={Deep Generative Models, and Data Augmentation, Labelling, and Imperfections: First Workshop, DGM4MICCAI 2021, and First Workshop, DALI 2021, Held in Conjunction with MICCAI 2021, Strasbourg, France, October 1, 2021, Proceedings 1},
  pages={243--250},
  year={2021},
  organization={Springer}
}


@article{shirokikh2022systematic,
  title={Systematic clinical evaluation of a deep learning method for medical image segmentation: radiosurgery application},
  author={Shirokikh, Boris and Dalechina, Alexandra and Shevtsov, Alexey and Krivov, Egor and Kostjuchenko, Valery and Durgaryan, Amayak and Galkin, Mikhail and Golanov, Andrey and Belyaev, Mikhail},
  journal={IEEE Journal of Biomedical and Health Informatics},
  volume={26},
  number={7},
  pages={3037--3046},
  year={2022},
  publisher={IEEE}
}


@article{shimovolos2022adaptation,
  title={Adaptation to CT Reconstruction Kernels by Enforcing Cross-Domain Feature Maps Consistency},
  author={Shimovolos, Stanislav and Shushko, Andrey and Belyaev, Mikhail and Shirokikh, Boris},
  journal={Journal of Imaging},
  volume={8},
  number={9},
  pages={234},
  year={2022},
  publisher={MDPI}
}


@dataset{Zolotova2023Burdenko,
  title={Burdenko's Glioblastoma Progression Dataset},
  author={Zolotova, Svetlana and Golanov, Andrey and Pronin, Igor and Dalechina, Alexandra and Nikolaeva, Anna and Belyashova, Alexandra and Usachev, Dmitriy and Kondrateva, Ekaterina and Druzhinina, Polina and Shirokikh, Boris and Saparov, Talgat and Belyaev, Mikhail and Kurmukov, Anvar},
  publisher={The Cancer Imaging Archive},
  year={2023},
  version={1},
  doi={10.7937/E1QP-D183},
  url={https://doi.org/10.7937/E1QP-D183}
}


@article{dorent2023crossmoda,
  title={CrossMoDA 2021 challenge: Benchmark of cross-modality domain adaptation techniques for vestibular schwannoma and cochlea segmentation},
  author={Dorent, Reuben and Kujawa, Aaron and Ivory, Marina and Bakas, Spyridon and Rieke, Nicola and Joutard, Samuel and Glocker, Ben and Cardoso, Jorge and Modat, Marc and Batmanghelich, Kayhan and others},
  journal={Medical Image Analysis},
  volume={83},
  pages={102628},
  year={2023},
  publisher={Elsevier}
}


@article{vasiliuk2023limitations,
  title={Limitations of out-of-distribution detection in 3d medical image segmentation},
  author={Vasiliuk, Anton and Frolova, Daria and Belyaev, Mikhail and Shirokikh, Boris},
  journal={Journal of Imaging},
  volume={9},
  number={9},
  pages={191},
  year={2023},
  publisher={MDPI}
}


@article{kondrateva2024negligible,
  title={Negligible effect of brain MRI data preprocessing for tumor segmentation},
  author={Kondrateva, Ekaterina and Druzhinina, Polina and Dalechina, Alexandra and Zolotova, Svetlana and Golanov, Andrey and Shirokikh, Boris and Belyaev, Mikhail and Kurmukov, Anvar},
  journal={Biomedical Signal Processing and Control},
  volume={96},
  pages={106599},
  year={2024},
  publisher={Elsevier}
}


@article{shirokikh2025m3da,
  title={M3DA: Benchmark for Unsupervised Domain Adaptation in 3D Medical Image Segmentation},
  author={Shirokikh, Boris and Kurmukov, Anvar and Donskova, Mariia and Samokhin, Valentin and Belyaev, Mikhail and Oseledets, Ivan},
  journal={arXiv preprint arXiv:2502.17029},
  year={2025}
}


% %%%%%%%%%%% (0) MAIN %%%%%%%%%%%%%%%%%%%%%%%%%%%%%


@article{kingma2014adam,
	title={Adam: A method for stochastic optimization},
	author={Kingma, Diederik P},
	journal={arXiv preprint arXiv:1412.6980},
	year={2014}
}


@inproceedings{ronneberger2015u,
	title={U-net: Convolutional networks for biomedical image segmentation},
	author={Ronneberger, Olaf and Fischer, Philipp and Brox, Thomas},
	booktitle={Medical image computing and computer-assisted intervention--MICCAI 2015: 18th international conference, Munich, Germany, October 5-9, 2015, proceedings, part III 18},
	pages={234--241},
	year={2015},
	organization={Springer}
}


@inproceedings{he2016deep,
	title={Deep residual learning for image recognition},
	author={He, Kaiming and Zhang, Xiangyu and Ren, Shaoqing and Sun, Jian},
	booktitle={Proceedings of the IEEE conference on computer vision and pattern recognition},
	pages={770--778},
	year={2016}
}


@inproceedings{milletari2016v,
	title={V-net: Fully convolutional neural networks for volumetric medical image segmentation},
	author={Milletari, Fausto and Navab, Nassir and Ahmadi, Seyed-Ahmad},
	booktitle={2016 fourth international conference on 3D vision (3DV)},
	pages={565--571},
	year={2016},
	organization={IEEE}
}


@article{bakas2018identifying,
	title={Identifying the best machine learning algorithms for brain tumor segmentation, progression assessment, and overall survival prediction in the BRATS challenge},
	author={Bakas, Spyridon and Reyes, Mauricio and Jakab, Andras and Bauer, Stefan and Rempfler, Markus and Crimi, Alessandro and Shinohara, Russell Takeshi and Berger, Christoph and Ha, Sung Min and Rozycki, Martin and others},
	journal={arXiv preprint arXiv:1811.02629},
	year={2018}
}


@inproceedings{isensee2018no,
	title={No new-net},
	author={Isensee, Fabian and Kickingereder, Philipp and Wick, Wolfgang and Bendszus, Martin and Maier-Hein, Klaus H},
	booktitle={International MICCAI Brainlesion Workshop},
	pages={234--244},
	year={2018},
	organization={Springer}
}


@article{paszke2019pytorch,
	title={Pytorch: An imperative style, high-performance deep learning library},
	author={Paszke, Adam and Gross, Sam and Massa, Francisco and Lerer, Adam and Bradbury, James and Chanan, Gregory and Killeen, Trevor and Lin, Zeming and Gimelshein, Natalia and Antiga, Luca and others},
	journal={Advances in neural information processing systems},
	volume={32},
	year={2019}
}


@article{zacharov2019zhores,
	title={'Zhores' -- Petaflops supercomputer for data-driven modeling, machine learning and artificial intelligence installed in Skolkovo Institute of Science and Technology},
	author={Igor Zacharov and Rinat Arslanov and Maxim Gunin and Daniil Stefonishin and Sergey Pavlov and Oleg Panarin and Anton Maliutin and Sergey G. Rykovanov and Maxim Fedorov},
	journal={Open Engineering},
	year={2019},
	volume={9},
	pages={512 - 520}
}


@article{nikolov2021clinically,
	title={Clinically applicable segmentation of head and neck anatomy for radiotherapy: deep learning algorithm development and validation study},
	author={Nikolov, Stanislav and Blackwell, Sam and Zverovitch, Alexei and Mendes, Ruheena and Livne, Michelle and De Fauw, Jeffrey and Patel, Yojan and Meyer, Clemens and Askham, Harry and Romera-Paredes, Bernadino and others},
	journal={Journal of medical Internet research},
	volume={23},
	number={7},
	pages={e26151},
	year={2021},
	publisher={JMIR Publications Inc., Toronto, Canada}
}


@article{torchio,
	title = {TorchIO: a Python library for efficient loading, preprocessing, augmentation and patch-based sampling of medical images in deep learning},
	journal = {Computer Methods and Programs in Biomedicine},
	pages = {106236},
	year = {2021},
	issn = {0169-2607},
	doi = {https://doi.org/10.1016/j.cmpb.2021.106236},
	url = {https://www.sciencedirect.com/science/article/pii/S0169260721003102},
	author = {P{\'e}rez-Garc{\'i}a, Fernando and Sparks, Rachel and Ourselin, S{\'e}bastien},
}


% %%%%%%%%%%%%%%%%%%%%%% (1) INTRO %%%%%%%%%%%%%%%%%%%%%%%%%%%%%%%%%%%%


@article{lee2017deep,
  title={Deep learning in medical imaging: general overview},
  author={Lee, June-Goo and Jun, Sanghoon and Cho, Young-Won and Lee, Hyunna and Kim, Guk Bae and Seo, Joon Beom and Kim, Namkug},
  journal={Korean journal of radiology},
  volume={18},
  number={4},
  pages={570--584},
  year={2017}
}


% %%%%%%%%%%%%%%%%%%%%%% (2) MRI %%%%%%%%%%%%%%%%%%%%%%%%%%%%%%%%%%%%


@inproceedings{yosinski2014transferable,
	author = {Yosinski, Jason and Clune, Jeff and Bengio, Yoshua and Lipson, Hod},
	title = {How Transferable Are Features in Deep Neural Networks?},
	year = {2014},
	publisher = {MIT Press},
	address = {Cambridge, MA, USA},
	booktitle = {Proceedings of the 27th International Conference on Neural Information Processing Systems - Volume 2},
	pages = {3320â€“3328},
	numpages = {9},
	location = {Montreal, Canada},
	series = {NIPS'14}
}


@inproceedings{ganin2015unsupervised,
	title={Unsupervised domain adaptation by backpropagation},
	author={Ganin, Yaroslav and Lempitsky, Victor},
	booktitle={International conference on machine learning},
	pages={1180--1189},
	year={2015}
}


@inproceedings{aljundi2016lightweight,
	title={Lightweight unsupervised domain adaptation by convolutional filter reconstruction},
	author={Aljundi, Rahaf and Tuytelaars, Tinne},
	booktitle={European Conference on Computer Vision},
	pages={508--515},
	year={2016},
	organization={Springer}
}


@inproceedings{cciccek20163d,
	title={3D U-Net: learning dense volumetric segmentation from sparse annotation},
	author={{\c{C}}i{\c{c}}ek, {\"O}zg{\"u}n and Abdulkadir, Ahmed and Lienkamp, Soeren S and Brox, Thomas and Ronneberger, Olaf},
	booktitle={International conference on medical image computing and computer-assisted intervention},
	pages={424--432},
	year={2016},
	organization={Springer}
}


@article{veit2016residual,
	title={Residual networks behave like ensembles of relatively shallow networks},
	author={Veit, Andreas and Wilber, Michael J and Belongie, Serge},
	journal={Advances in neural information processing systems},
	volume={29},
	year={2016}
}


@article{shen2017deep,
	title={Deep learning in medical image analysis},
	author={Shen, Dinggang and Wu, Guorong and Suk, Heung-Il},
	journal={Annual review of biomedical engineering},
	volume={19},
	pages={221--248},
	year={2017},
	publisher={Annual Reviews}
}


@inproceedings{kamnitsas2017unsupervised,
	title={Unsupervised domain adaptation in brain lesion segmentation with adversarial networks},
	author={Kamnitsas, Konstantinos and Baumgartner, Christian and Ledig, Christian and Newcombe, Virginia and Simpson, Joanna and Kane, Andrew and Menon, David and Nori, Aditya and Criminisi, Antonio and Rueckert, Daniel and others},
	booktitle={International conference on information processing in medical imaging},
	pages={597--609},
	year={2017},
	organization={Springer}
}


@inproceedings{ghafoorian2017transfer,
	title={Transfer learning for domain adaptation in mri: Application in brain lesion segmentation},
	author={Ghafoorian, Mohsen and Mehrtash, Alireza and Kapur, Tina and Karssemeijer, Nico and Marchiori, Elena and Pesteie, Mehran and Guttmann, Charles RG and de Leeuw, Frank-Erik and Tempany, Clare M and Van Ginneken, Bram and others},
	booktitle={Medical Image Computing and Computer Assisted Intervention- MICCAI 2017: 20th International Conference, Quebec City, QC, Canada, September 11-13, 2017, Proceedings, Part III 20},
	pages={516--524},
	year={2017},
	organization={Springer}
}


@inproceedings{dou2018unsupervised,
	author = {Dou, Qi and Ouyang, Cheng and Chen, Cheng and Chen, Hao and Heng, Pheng-Ann},
	title = {Unsupervised Cross-Modality Domain Adaptation of Convnets for Biomedical Image Segmentations with Adversarial Loss},
	year = {2018},
	isbn = {9780999241127},
	publisher = {AAAI Press},
	booktitle = {Proceedings of the 27th International Joint Conference on Artificial Intelligence},
	pages = {691â€“697},
	numpages = {7},
	location = {Stockholm, Sweden},
	series = {IJCAI'18}
}


@inproceedings{lee2018simple,
	title={A Simple Unified Framework for Detecting Out-of-Distribution Samples and Adversarial Attacks},
	author={Kimin Lee and Kibok Lee and H. Lee and Jinwoo Shin},
	booktitle={NeurIPS},
	year={2018}
}


@article{souza2018open,
	title={An open, multi-vendor, multi-field-strength brain MR dataset and analysis of publicly available skull stripping methods agreement},
	author={Souza, Roberto and Lucena, Oeslle and Garrafa, Julia and Gobbi, David and Saluzzi, Marina and Appenzeller, Simone and Rittner, Let{\'\i}cia and Frayne, Richard and Lotufo, Roberto},
	journal={NeuroImage},
	volume={170},
	pages={482--494},
	year={2018},
	publisher={Elsevier}
}


@article{valindria2018domain,
	title={Domain adaptation for MRI organ segmentation using reverse classification accuracy},
	author={Valindria, Vanya V and Lavdas, Ioannis and Bai, Wenjia and Kamnitsas, Konstantinos and Aboagye, Eric O and Rockall, Andrea G and Rueckert, Daniel and Glocker, Ben},
	journal={arXiv preprint arXiv:1806.00363},
	year={2018}
}


@article{wang2018deep,
	title={Deep Visual Domain Adaptation: A Survey},
	author={M. Wang and Weihong Deng},
	journal={Neurocomputing},
	year={2018},
	volume={312},
	pages={135-153}
}


@misc{glocker2019machine,
	title={Machine Learning with Multi-Site Imaging Data: An Empirical Study on the Impact of Scanner Effects}, 
	author={Ben Glocker and Robert Robinson and Daniel C. Castro and Qi Dou and Ender Konukoglu},
	year={2019},
	eprint={1910.04597},
	archivePrefix={arXiv},
	primaryClass={eess.IV}
}


@inproceedings{guo2019spottune,
	title={Spottune: transfer learning through adaptive fine-tuning},
	author={Guo, Yunhui and Shi, Honghui and Kumar, Abhishek and Grauman, Kristen and Rosing, Tajana and Feris, Rogerio},
	booktitle={Proceedings of the IEEE/CVF Conference on Computer Vision and Pattern Recognition},
	pages={4805--4814},
	year={2019}
}


@incollection{orbes2019multi,
	title={Multi-domain adaptation in brain MRI through paired consistency and adversarial learning},
	author={Orbes-Arteaga, Mauricio and Varsavsky, Thomas and Sudre, Carole H and Eaton-Rosen, Zach and Haddow, Lewis J and S{\o}rensen, Lauge and Nielsen, Mads and Pai, Akshay and Ourselin, S{\'e}bastien and Modat, Marc and others},
	booktitle={Domain Adaptation and Representation Transfer and Medical Image Learning with Less Labels and Imperfect Data},
	pages={54--62},
	year={2019},
	publisher={Springer}
}


@article{valverde2019one,
	title={One-shot domain adaptation in multiple sclerosis lesion segmentation using convolutional neural networks},
	author={Valverde, Sergi and Salem, Mostafa and Cabezas, Mariano and Pareto, Deborah and Vilanova, Joan C and Rami{\'o}-Torrent{\`a}, Llu{\'\i}s and Rovira, {\`A}lex and Salvi, Joaquim and Oliver, Arnau and Llad{\'o}, Xavier},
	journal={NeuroImage: Clinical},
	volume={21},
	pages={101638},
	year={2019},
	publisher={Elsevier}
}


@article{kushibar2019supervised,
	title={Supervised domain adaptation for automatic sub-cortical brain structure segmentation with minimal user interaction},
	author={Kushibar, Kaisar and Valverde, Sergi and Gonzalez-Villa, Sandra and Bernal, Jose and Cabezas, Mariano and Oliver, Arnau and Llado, Xavier},
	journal={Scientific reports},
	volume={9},
	number={1},
	pages={6742},
	year={2019},
	publisher={Nature Publishing Group UK London}
}


@article{erdil2020unsupervised,
	title={Unsupervised out-of-distribution detection using kernel density estimation},
	author={Ertunc Erdil and Krishna Chaitanya and Ender Konukoglu},
	journal={ArXiv},
	year={2020},
	volume={abs/2006.10712}
}


@article{karani2021test,
	title={Test-time adaptable neural networks for robust medical image segmentation},
	author={Karani, Neerav and Erdil, Ertunc and Chaitanya, Krishna and Konukoglu, Ender},
	journal={Medical Image Analysis},
	volume={68},
	pages={101907},
	year={2021},
	publisher={Elsevier}
}


@article{zhao2021robust,
	title={Robust White Matter Hyperintensity Segmentation On Unseen Domain},
	author={Xingchen Zhao and Anthony Sicilia and D. Minhas and Erin E. Oâ€™Connor and H. Aizenstein and W. Klunk and D. Tudorascu and Seong Jae Hwang},
	journal={2021 IEEE 18th International Symposium on Biomedical Imaging (ISBI)},
	year={2021},
	pages={1047-1051}
}


