@Patent{covid-program,
	heading =      {Свидетельство о гос. регистрации программы для {ЭВМ}},
	author =       {Беляев, М. Г. and Писов, М. and Широких, Б. Н.},
	title =        {Автоматическая классификация и сегментация очагов COVID-19 на изображениях компьютерной томографии грудной клетки},
	url = {https://www.fips.ru/registers-doc-view/fips_servlet?DB=EVM&DocNumber=2021612647},
	urldate={2025-10-30},
	% media =        {text},
	% holder =       {Автономная некоммерческая образовательная организация высшего образования <<Сколковский институт науки и технологий>>},
	reqnumber =    2021612647,
	publdate =     {2021-02-20},
	% date =         {2021-02-15},
	% prnumber =     2021611607,
	prcountry =    {RU},
	language =     {Python},
	% authorprogram ={yes},
}
